<collection xmlns="http://www.loc.gov/MARC21/slim"><record><leader>00814nam  2200241   450</leader><controlfield tag="001">206</controlfield><controlfield tag="003">http://montalegre.opacnet.com/OPAC/default.aspx?ContentAreaControl=ShowRegHoldings.ascx&amp;RegNo=16662</controlfield><datafield tag="010" ind1=" " ind2=" "><subfield code="a">972-709-004-4</subfield></datafield><datafield tag="021" ind1=" " ind2=" "><subfield code="a">PT</subfield><subfield code="b">30292/89</subfield></datafield><datafield tag="095" ind1=" " ind2=" "><subfield code="a">PTBN00351484</subfield></datafield><datafield tag="100" ind1=" " ind2=" "><subfield code="a">19900323d1988    m  y0pora010305  ba</subfield></datafield><datafield tag="101" ind1="1" ind2=" "><subfield code="a">por</subfield><subfield code="c">eng</subfield></datafield><datafield tag="102" ind1=" " ind2=" "><subfield code="a">PT</subfield><subfield code="b">Lisboa</subfield></datafield><datafield tag="200" ind1="1" ind2=" "><subfield code="a">&lt;O &gt;Cardeal do Kremlin</subfield><subfield code="f">Tom Clancy</subfield><subfield code="g">trad. de Luiz Fernando Martins Esteves</subfield></datafield><datafield tag="210" ind1=" " ind2=" "><subfield code="a">Lisboa</subfield><subfield code="c">Difusão Cultural</subfield><subfield code="d">cop. 1988</subfield></datafield><datafield tag="215" ind1=" " ind2=" "><subfield code="a">606 p.</subfield><subfield code="d">21 cm</subfield></datafield><datafield tag="225" ind1="2" ind2=" "><subfield code="a">Romance espionagem</subfield></datafield><datafield tag="304" ind1=" " ind2=" "><subfield code="a">Tit. orig.: The cardinal of the Kremlin</subfield></datafield><datafield tag="675" ind1=" " ind2=" "><subfield code="a">821</subfield><subfield code="v">BN</subfield><subfield code="z">por</subfield></datafield><datafield tag="700" ind1=" " ind2="1"><subfield code="a">Clancy</subfield><subfield code="b">Tom</subfield><subfield code="f">1947</subfield></datafield><datafield tag="702" ind1=" " ind2="1"><subfield code="a">Esteves</subfield><subfield code="b">Luís Fernando Martins</subfield><subfield code="4">730</subfield></datafield><datafield tag="801" ind1=" " ind2="0"><subfield code="a">PT</subfield><subfield code="b">Biblioteca Municipal de Montalegre</subfield><subfield code="g">RPC</subfield></datafield><datafield tag="856" ind1=" " ind2=" "><subfield code="u">locateMedia.asp?cod=20060510111516&amp;ext=jpg</subfield><subfield code="z">CAPA</subfield></datafield><datafield tag="909" ind1="&#9;" ind2=" "><subfield code="a">1</subfield></datafield><datafield tag="966" ind1=" " ind2=" "><subfield code="a">0008226</subfield><subfield code="l">BMM</subfield><subfield code="s">SCG 821 CLA car</subfield></datafield></record></collection>